<record><leader>00000cas a2200000 a 4500</leader><controlfield tag="001">45959003</controlfield><controlfield tag="007">hd afu---baca</controlfield><controlfield tag="008">010217d18851982aludr nea     0    0eng c</controlfield><datafield ind1=" " ind2=" " tag="010"><subfield code="a">  2001229023</subfield></datafield><datafield ind1=" " ind2=" " tag="040"><subfield code="a">FUG</subfield><subfield code="b">eng</subfield><subfield code="c">FUG</subfield><subfield code="d">OCLCQ</subfield><subfield code="d">OCLCF</subfield><subfield code="d">OCLCO</subfield><subfield code="d">OCLCQ</subfield></datafield><datafield ind1=" " ind2=" " tag="042"><subfield code="a">pcc</subfield></datafield><datafield ind1=" " ind2=" " tag="043"><subfield code="a">n-us-al</subfield></datafield><datafield ind1="0" ind2=" " tag="130"><subfield code="a">Montgomery advertiser (Montgomery, Ala. : Daily)</subfield></datafield><datafield ind1="1" ind2="4" tag="245"><subfield code="a">The Montgomery advertiser.</subfield></datafield><datafield ind1="3" ind2="0" tag="246"><subfield code="a">Saturday morning</subfield></datafield><datafield ind1="3" ind2="0" tag="246"><subfield code="a">Montgomery advertiser and Alabama journal</subfield></datafield><datafield ind1="3" ind2="0" tag="246"><subfield code="a">Montgomery advertiser/Alabama journal</subfield></datafield><datafield ind1="1" ind2="7" tag="246"><subfield code="a">Daily advertiser</subfield></datafield><datafield ind1=" " ind2=" " tag="260"><subfield code="a">Montgomery, Ala. :</subfield><subfield code="b">Screws, Cory &amp; Glass,</subfield><subfield code="c">1885-1982.</subfield></datafield><datafield ind1=" " ind2=" " tag="300"><subfield code="a">volumes :</subfield><subfield code="b">illustrations</subfield></datafield><datafield ind1=" " ind2=" " tag="310"><subfield code="a">Daily</subfield></datafield><datafield ind1=" " ind2=" " tag="321"><subfield code="a">Daily (except Monday),</subfield><subfield code="b">&lt;May 6, 1886-Oct. 28, 1888&gt;</subfield></datafield><datafield ind1=" " ind2=" " tag="336"><subfield code="a">text</subfield><subfield code="b">txt</subfield><subfield code="2">rdacontent</subfield></datafield><datafield ind1=" " ind2=" " tag="337"><subfield code="a">microform</subfield><subfield code="b">h</subfield><subfield code="2">rdamedia</subfield></datafield><datafield ind1=" " ind2=" " tag="338"><subfield code="a">microfilm reel</subfield><subfield code="b">hd</subfield><subfield code="2">rdacarrier</subfield></datafield><datafield ind1="0" ind2=" " tag="362"><subfield code="a">New ser. v. 21, no. 24 (Aug. 16, 1885)-new ser. v. 35, no. 323 (July 19, 1900) ; v. 71, no. 168 (July 20, 1900)-155th year, no. 47 (Nov. 21, 1982).</subfield></datafield><datafield ind1=" " ind2=" " tag="500"><subfield code="a">On Saturday published as: Saturday morning, Apr. 2, 1977-Apr. 1, 1978; The Montgomery advertiser/Alabama journal, Apr. 8, 1978-Nov. 20, 1982.</subfield></datafield><datafield ind1=" " ind2=" " tag="500"><subfield code="a">On Sunday published as: Montgomery advertiser and Alabama journal, Dec. 1, 1940-Nov. 21, 1982.</subfield></datafield><datafield ind1=" " ind2=" " tag="500"><subfield code="a">Publisher varies: Advertiser Co., &lt;1887&gt;</subfield></datafield><datafield ind1=" " ind2=" " tag="515"><subfield code="a">Numbering is irregular.</subfield></datafield><datafield ind1=" " ind2=" " tag="515"><subfield code="a">Issues for Aug 16, 1885-July 19, 1899 called also Old ser. v. 54-v. 68.</subfield></datafield><datafield ind1=" " ind2=" " tag="530"><subfield code="a">Also issued in the original paper ed.</subfield></datafield><datafield ind1=" " ind2=" " tag="580"><subfield code="a">Weekly eds.: Montgomery weekly advertiser, and: Weekly advertiser (Montgomery, Ala.), and: Montgomery advertiser (Montgomery, Ala. : Weekly).</subfield></datafield><datafield ind1=" " ind2=" " tag="533"><subfield code="a">Microfilm.</subfield><subfield code="b">Washington, D.C. :</subfield><subfield code="c">Library of Congress, Photo duplications Services,</subfield><subfield code="d">1965.</subfield><subfield code="e">microfilm reels ; 35 mm.</subfield></datafield><datafield ind1=" " ind2="0" tag="651"><subfield code="a">Montgomery (Ala.)</subfield><subfield code="v">Newspapers.</subfield></datafield><datafield ind1=" " ind2="7" tag="651"><subfield code="a">Alabama</subfield><subfield code="z">Montgomery.</subfield><subfield code="2">fast</subfield><subfield code="0">(OCoLC)fst01202689</subfield></datafield><datafield ind1=" " ind2="7" tag="655"><subfield code="a">Newspapers.</subfield><subfield code="2">fast</subfield><subfield code="0">(OCoLC)fst01423814</subfield></datafield><datafield ind1=" " ind2=" " tag="752"><subfield code="a">United States</subfield><subfield code="b">Alabama</subfield><subfield code="c">Montgomery</subfield><subfield code="d">Montgomery.</subfield></datafield><datafield ind1="1" ind2=" " tag="775"><subfield code="t">Montgomery weekly advertiser</subfield></datafield><datafield ind1="1" ind2=" " tag="775"><subfield code="t">Weekly advertiser (Montgomery, Ala.)</subfield></datafield><datafield ind1="1" ind2=" " tag="775"><subfield code="t">Montgomery advertiser (Montgomery, Ala. : Weekly)</subfield></datafield><datafield ind1="1" ind2=" " tag="776"><subfield code="c">Original</subfield><subfield code="w">(DLC)sn 84020645</subfield><subfield code="w">(OCoLC)2685433</subfield></datafield><datafield ind1="0" ind2="0" tag="780"><subfield code="t">Montgomery daily advertiser (Montgomery, Ala. : 1858)</subfield></datafield><datafield ind1="0" ind2="0" tag="785"><subfield code="t">Advertiser (Montgomery, Ala.)</subfield></datafield><datafield ind1=" " ind2=" " tag="850"><subfield code="a">FU</subfield></datafield><datafield ind1="1" ind2=" " tag="029"><subfield code="a">AU@</subfield><subfield code="b">000026088698</subfield></datafield></record>